@article{Murphy_2015, title={NxRepair: error correction inde novosequence assembly using Nextera mate pairs}, volume={3}, ISSN={2167-8359}, url={http://dx.doi.org/10.7717/peerj.996}, DOI={10.7717/peerj.996}, journal={PeerJ}, publisher={PeerJ}, author={Murphy, Rebecca R. and Oâ€™Connell, Jared and Cox, Anthony J. and Schulz-Trieglaff, Ole}, year={2015}, month={Jun}, pages={e996}}
