@article{Jackman_2016, title={{Linuxbrew and Homebrew for cross-platform package management [v1; not peer reviewed]}}, volume={5(ISCB Comm J)}, url={https://doi.org/10.7490/f1000research.1112681.1}, DOI={10.7490/f1000research.1112681.1}, journal={F1000Research}, publisher={F1000 Research, Ltd.}, author={Jackman, Shaun D and Birol, Inanc}, year={2016}, month={Jul}, pages={1795 (poster)}}
@article{Li_2013, title={{Aligning sequence reads, clone sequences and assembly contigs with BWA-MEM}}, author={Li, Heng}, journal={arXiv:1303.3997}, year={2013}}
@article{Li_2017, title={Minimap2: versatile pairwise alignment for nucleotide sequences}, journal={arXiv:1708.01492}, author={Li, Heng}, year={2017}}
@online{URL_10x, title={{10x Genomics Overview of Genome Software}}, url={https://support.10xgenomics.com/genome-exome/software/overview/welcome}, urldate={2018-06-01}}
@online{URL_JupiterPlot, title={Topsorter: Graphical assessment of structrial variants using 10x genomics data}, author={Han Fang}, url={https://github.com/hanfang/Topsorter}, urldate={2018-06-01}}
@online{URL_Topsorter, title={JupiterPlot: Circos Assembly Consistency plot}, author={Justin Chu}, url={https://github.com/JustinChu/JupiterPlot}, urldate={2018-06-01}}
